@Inbook{Awrejcewicz2012,
author="Awrejcewicz, Jan",
title="Mathematical and Physical Pendulum",
bookTitle="Classical Mechanics: Dynamics",
year="2012",
publisher="Springer New York",
address="New York, NY",
pages="69--106",
abstract="A particle of mass m connected by a rigid, weightless rod (or a thread) of length l to a base by means of a pin joint that can oscillate and rotate in a plane we call a mathematical pendulum (Fig. 2.1).",
isbn="978-1-4614-3740-6",
doi="10.1007/978-1-4614-3740-6_2",
url="https://doi.org/10.1007/978-1-4614-3740-6_2"
}

